@article{ritchie_2023_co,
  author = {Ritchie, Hannah and Rosado, Pablo and Roser, Max},
  title = {CO₂ and Greenhouse Gas Emissions},
  url = {https://ourworldindata.org/co2-and-greenhouse-gas-emissions},
  year = {2023},
  journal = {Our World in Data}
}

@article{smith_2008_impact,
  author = {Smith, Pete and Fang, Changming and Dawson, Julian J.C. and Moncrieff, John B.},
  pages = {1-43},
  title = {Impact of Global Warming on Soil Organic Carbon},
  doi = {10.1016/s0065-2113(07)00001-6},
  urldate = {2020-03-27},
  year = {2008},
  journal = {Advances in Agronomy}
}

@article{collins_2010_the,
  author = {Collins, Mat and An, Soon-Il and Cai, Wenju and Ganachaud, Alexandre and Guilyardi, Eric and Jin, Fei-Fei and Jochum, Markus and Lengaigne, Matthieu and Power, Scott and Timmermann, Axel and Vecchi, Gabe and Wittenberg, Andrew},
  month = {05},
  pages = {391-397},
  title = {The impact of global warming on the tropical Pacific Ocean and El Niño},
  doi = {10.1038/ngeo868},
  url = {http://web-static-aws.seas.harvard.edu/climate/seminars/pdfs/Collins_ngeo2010.pdf},
  volume = {3},
  year = {2010},
  journal = {Nature Geoscience}
}

@misc{mokyr_1998_the,
  author = {Mokyr, Joel and Strotz, Robert},
  title = {The Second Industrial Revolution, 1870-1914},
  url = {https://bpb-us-e1.wpmucdn.com/sites.northwestern.edu/dist/3/1222/files/2016/06/The-Second-Industrial-Revolution-1870-1914-Aug-1998-1ubah7s.pdf},
  year = {1998}
}

@article{jring_2012_causes,
  author = {J. Ring, Michael and Lindner, Daniela and F. Cross, Emily and E. Schlesinger, Michael},
  pages = {401-415},
  title = {Causes of the Global Warming Observed since the 19th Century},
  doi = {10.4236/acs.2012.24035},
  volume = {02},
  year = {2012},
  journal = {Atmospheric and Climate Sciences}
}